@article{01431169608949138,
author = { M. J.   HAYES  and  W. L.   DECKER },
title = {Using NOAA AVHRR data to estimate maize production in the United States Corn Belt},
journal = {International Journal of Remote Sensing},
volume = {17},
number = {16},
pages = {3189-3200},
year  = {1996},
publisher = {Taylor & Francis},
doi = {10.1080/01431169608949138},
URL = { 
        https://doi.org/10.1080/01431169608949138
},
eprint = { 
        https://doi.org/10.1080/01431169608949138 
}
}

@article{PRASAD200626,
title = "Crop yield estimation model for Iowa using remote sensing and surface parameters",
journal = "International Journal of Applied Earth Observation and Geoinformation",
volume = "8",
number = "1",
pages = "26 - 33",
year = "2006",
issn = "0303-2434",
doi = "https://doi.org/10.1016/j.jag.2005.06.002",
url = "http://www.sciencedirect.com/science/article/pii/S0303243405000553",
author = "Anup K. Prasad and Lim Chai and Ramesh P. Singh and Menas Kafatos",
keywords = "Crop yield prediction model, NDVI, Iowa, Soybean, Corn"
}

@article{12713927120180101,
Author = {Elvanidi, A. and Katsoulas, N. and Ferentinos, K.P. and Bartzanas, T. and Kittas, C.},
ISSN = {15375110},
Journal = {Biosystems Engineering},
Keywords = {TOMATOES, COMPUTER vision, HYPERSPECTRAL imaging systems, PLANT-water relationships, EFFECT of temperature on plants, EFFECT of light on plants, Crop water stress index, Hyperspectral, Machine vision, Reflectance index},
Pages = {25 - 35},
Title = {Hyperspectral machine vision as a tool for water stress severity assessment in soilless tomato crop.},
Volume = {165},
Year = {2018},
}

@article{10260329020150501,
Author = {Story, David and Kacira, Murat},
ISSN = {09328092},
Journal = {Machine Vision and Applications},
Keywords = {PLANTS, RESEARCH, GREENHOUSE plants, COMPUTER vision, PLANT morphology, NUTRIENT film culture, HYDROPONICS, Computer vision, Crop monitoring, Data acquisition, Greenhouse, Image processing},
Number = {4},
Pages = {495 - 506},
Title = {Design and implementation of a computer vision-guided greenhouse crop diagnostics system.},
Volume = {26},
Year = {2015},
}

@article{2938572220180130,
Author = {Poblete, Tomas and Ortega-Farías, Samuel and Ryu, Dongryeol},
ISSN = {1424-8220},
Journal = {Sensors (Basel, Switzerland)},
Keywords = {UAV, crop water stress index (CWSI), midday stem water potential, multispectral and thermal automatic coregistration, shadow removal},
Number = {2},
Title = {Automatic Coregistration Algorithm to Remove Canopy Shaded Pixels in UAV-Borne Thermal Images to Improve the Estimation of Crop Water Stress Index of a Drip-Irrigated Cabernet Sauvignon Vineyard.},
Volume = {18},
Year = {2018},
}

@ARTICLE{1974,
   author = {{Rouse}, Jr., J.~W. and {Haas}, R.~H. and {Schell}, J.~A. and 
	{Deering}, D.~W.},
    title = "{Monitoring Vegetation Systems in the Great Plains with Erts}",
  journal = {NASA Special Publication},
     year = 1974,
   volume = 351,
    pages = {309},
   adsurl = {http://adsabs.harvard.edu/abs/1974NASSP.351..309R},
  adsnote = {Provided by the SAO/NASA Astrophysics Data System}
}

@proceeding{1,
author = { Bo-Cai  Gao},
title = {Normalized difference water index for remote sensing of vegetation liquid water from space},
journal = {Proc.SPIE},
volume = {2480},
number = {},
pages = {2480 - 2480 - 12},
year = {1995},
doi = {10.1117/12.210877},
URL = {https://doi.org/10.1117/12.210877},
eprint = {}
}

@article{01431169608948714,
author = { S. K.   McFEETERS },
title = {The use of the Normalized Difference Water Index (NDWI) in the delineation of open water features},
journal = {International Journal of Remote Sensing},
volume = {17},
number = {7},
pages = {1425-1432},
year  = {1996},
publisher = {Taylor & Francis},
doi = {10.1080/01431169608948714},

URL = { 
        https://doi.org/10.1080/01431169608948714
    
},
eprint = { 
        https://doi.org/10.1080/01431169608948714
    
}

}

@Article{rs61010232,
AUTHOR = {Barsi, Julia A. and Lee, Kenton and Kvaran, Geir and Markham, Brian L. and Pedelty, Jeffrey A.},
TITLE = {The Spectral Response of the Landsat-8 Operational Land Imager},
JOURNAL = {Remote Sensing},
VOLUME = {6},
YEAR = {2014},
NUMBER = {10},
PAGES = {10232--10251},
URL = {http://www.mdpi.com/2072-4292/6/10/10232},
ISSN = {2072-4292},
DOI = {10.3390/rs61010232}
}

@inproceedings{Dahikar2014AgriculturalCY,
  title={Agricultural Crop Yield Prediction Using Artificial Neural Network Approach},
  author={Snehal S. Dahikar and Dr. Sandeep V. Rode},
  year={2014}
}

@article{KEHAGIAS199841,
title = "Predictive Modular Neural Networks Methods for Prediction of Sugar Beet Crop Yield",
journal = "IFAC Proceedings Volumes",
volume = "31",
number = "12",
pages = "41 - 45",
year = "1998",
note = "IFAC Workshop on Control Applications in Post-Harvest and Processing Technology (CAEA'98), Athens, Greece, 15-17 June 1998",
issn = "1474-6670",
doi = "https://doi.org/10.1016/S1474-6670(17)36039-1",
url = "http://www.sciencedirect.com/science/article/pii/S1474667017360391",
author = "Ath. Kehagias and H. Panagiotou and N. Maslaris and V. Petridis and L. Petrou and V. Spais",
keywords = "Prediction, Agriculture, Neural Networks"
}

@article{WENDROTH2003250,
title = "Predicting yield of barley across a landscape: a state-space modeling approach",
journal = "Journal of Hydrology",
volume = "272",
number = "1",
pages = "250 - 263",
year = "2003",
note = "Soil Hydrological Properties and Processes and their Variability in Space and Time",
issn = "0022-1694",
doi = "https://doi.org/10.1016/S0022-1694(02)00269-X",
url = "http://www.sciencedirect.com/science/article/pii/S002216940200269X",
author = "Ole Wendroth and Hannes I. Reuter and K.Christian Kersebaum",
keywords = "Precision farming, Field-scale variability, State-space models, Land surface elevation, Autoregressive crop yield prediction"
}

@article{JONES198291,
title = "A statistical inquiry into crop-weather dependence",
journal = "Agricultural Meteorology",
volume = "26",
number = "2",
pages = "91 - 104",
year = "1982",
issn = "0002-1571",
doi = "https://doi.org/10.1016/0002-1571(82)90035-8",
url = "http://www.sciencedirect.com/science/article/pii/0002157182900358",
author = "D.R. Jones"
}

@MISC{Oroda_applicationof,
    author = {A. S. Oroda},
    title = {APPLICATION OF REMOTE SENSING TO EARLY WARNING FOR FOOD SECURITY AND ENVIRONMENTAL MONITORING IN THE HORN OF AFRICA},
    year = {}
}

@article{2006JD008351,
author = {Wang Kaicun and Wang Pucai and Li Zhanqing and Cribb M. and Sparrow Michael},
title = {A simple method to estimate actual evapotranspiration from a combination of net radiation, vegetation index, and temperature},
journal = {Journal of Geophysical Research: Atmospheres},
volume = {112},
number = {D15},
pages = {},
keywords = {evapotranspiration, energy balance, hydrology},
doi = {10.1029/2006JD008351},
url = {https://agupubs.onlinelibrary.wiley.com/doi/abs/10.1029/2006JD008351},
eprint = {https://agupubs.onlinelibrary.wiley.com/doi/pdf/10.1029/2006JD008351},
}

